 

@INPROCEEDINGS{6638633, 
author={Andrade, J. and Falcao, G. and Silva, V. and Kasai, K.}, 
booktitle={Acoustics, Speech and Signal Processing (ICASSP), 2013 IEEE International Conference on}, 
title={FFT-SPA non-binary LDPC decoding on GPU}, 
year={2013}, 
pages={5099-5103}, 
keywords={decoding;error statistics;fast Fourier transforms;graphics processing units;parity check codes;signal processing;BER performance;FFT-SPA;FFT-SPA nonbinary LDPC decoding;GPU;binary LDPC codes;complex decoding algorithms;error correcting capabilities;fast-Fourier transform sum-product algorithm;multicore systems;nonbinary LDPC codes;nonbinary codes;parallel signal processing algorithms;real-time video applications;Complexity theory;Decoding;Engines;Graphics processing units;Kernel;Parity check codes;Throughput;Communications;Error correcting codes;GF(q);GPU;Non-binary LDPC codes}, 
doi={10.1109/ICASSP.2013.6638633}, 
ISSN={1520-6149}, 
month={May},
}

@INPROCEEDINGS{6693172, 
author={Renliang Zhao and Haixin Zheng and Ying Liu and Liheng Jian and Xianglong Gu and Bingyin Han and Zhongya Wang}, 
booktitle={Cloud and Service Computing (CSC), 2013 International Conference on}, 
title={CUDA-Enabled Multiple Symbol Detection for PCM/FM Demodulation}, 
year={2013}, 
pages={9-15}, 
keywords={demodulation;error statistics;graphics processing units;optimisation;parallel architectures;telemetry;BER;CUDA;GPU;MSD;PCM/FM demodulation;bit error rate;multiple symbol detection;optimization;rapid development;signal demodulation methods;signal processing;sliding correlation problem;telemetry system;Correlation;Demodulation;Frequency modulation;Graphics processing units;Instruction sets;Phase change materials;Vectors}, 
doi={10.1109/CSC.2013.10}, 
month={Nov},
}

@INPROCEEDINGS{6555270, 
author={Rongchun Li and Yong Dou and Yu Li and Shi Wang}, 
booktitle={Wireless Communications and Networking Conference (WCNC), 2013 IEEE}, 
title={A fully parallel truncated Viterbi decoder for Software Defined Radio on GPUs}, 
year={2013}, 
pages={4305-4310}, 
keywords={Viterbi decoding;graphics processing units;software radio;trellis codes;CPU;GPU;NVIDIA GTX580;SDR;TVDA;forward metric computing;frequency 2.0 GHz;fully parallel truncated Viterbi decoder;graphics processing unit;low BER;map-reduce strategy;software defined radio;subtrellises codes;three-point Viterbi decoding algorithm;trace-back procedure;Bit error rate;Decoding;Graphics processing units;Instruction sets;Merging;Signal processing algorithms;Viterbi algorithm;CUDA;Graphics Processing Unit (GPU);Software-defined Radio (SDR);Viterbi Decoder}, 
doi={10.1109/WCNC.2013.6555270}, 
ISSN={1525-3511}, 
month={April},
}

@INPROCEEDINGS{7129372, 
author={Tianpei Chen and Leib, H.}, 
booktitle={Electrical and Computer Engineering (CCECE), 2015 IEEE 28th Canadian Conference on}, 
title={GPU acceleration for fixed complexity sphere decoder in large MIMO uplink systems}, 
year={2015}, 
pages={771-777}, 
keywords={MIMO communication;decoding;error statistics;graphics processing units;parallel architectures;BER performance;CPU implementation;CUDA;FCSD;GPGPU;GPU acceleration;bit error rate performance;computed unified device architecture;computer simulations;detection algorithms;fixed complexity sphere decoder;general purpose graphic processing units;large scale MIMO uplink systems;next generation wireless communication systems;Decoding;Graphics processing units;Instruction sets;MIMO;Programming;Random access memory;Signal to noise ratio;Large MIMO;computed unified device architecture (CUDA);fixed complexity sphere decoder (FCSD);general purpose graphic processing units (GPGPU)}, 
doi={10.1109/CCECE.2015.7129372}, 
ISSN={0840-7789}, 
month={May},
}

@ARTICLE{5763806, 
author={Falcao, G. and Andrade, J. and Silva, V. and Sousa, L.}, 
journal={Electronics Letters}, 
title={GPU-based DVB-S2 LDPC decoder with high throughput and fast error floor detection}, 
year={2011}, 
volume={47}, 
number={9}, 
pages={542-543}, 
keywords={decoding;digital video broadcasting;direct broadcasting by satellite;error correction codes;error statistics;parity check codes;GPU-based DVB-S2 LDPC decoder;VLSI-based decoders;bit error rate;error correcting codes;error floor detection;global memory;graphics processing unit;low density parity check codes;parallel multi-threaded decoding}, 
doi={10.1049/el.2011.0201}, 
ISSN={0013-5194}, 
month={April},
}

@INPROCEEDINGS{6655051, 
author={Andrade, J. and Falcao, G. and Silva, V. and Barreto, J.P. and Goncalves, N. and Savin, V.}, 
booktitle={Communications (ICC), 2013 IEEE International Conference on}, 
title={Near-LSPA performance at MSA complexity}, 
year={2013}, 
pages={3281-3285}, 
keywords={decoding;error correction codes;parity check codes;BER characterization;GPU;LDPC decoding algorithms;MSA complexity;error-correcting performance;error-floor region;logarithmic sum-product BER performance;long length DVB-S2 codes;low complexity decoding algorithm;massively parallel simulation;near-LSPA performance;normalized min-sum;numerical complexity;self-corrected min-sum algorithm;self-correction technique;unseen error-floor performance;waterfall region;Bit error rate;Complexity theory;Decoding;Digital video broadcasting;Graphics processing units;Manganese;Parity check codes;BER Performance;DVB-S2;LDPC codes;Self-Corrected Min-Sum}, 
doi={10.1109/ICC.2013.6655051}, 
ISSN={1550-3607}, 
month={June},
}

@ARTICLE{7110620, 
author={Le Gal, B. and Jego, C.}, 
journal={Parallel and Distributed Systems, IEEE Transactions on}, 
title={High-throughput multi-core LDPC decoders based on x86 processor}, 
year={2015}, 
volume={PP}, 
number={99}, 
pages={1-1}, 
keywords={Decoding;Graphics processing units;Iterative decoding;Processor scheduling;Throughput;GPU;LDPC decoding;SIMD architecture;Software Define Radio (SDR);software decoders;throughput;x86 processor}, 
doi={10.1109/TPDS.2015.2435787}, 
ISSN={1045-9219}, 
month={},
}

@INPROCEEDINGS{6694588, 
author={Xiang Chen and Ji Zhu and Ziyu Wen and Yu Wang and Huazhong Yang}, 
booktitle={Communications and Networking in China (CHINACOM), 2013 8th International ICST Conference on}, 
title={BER guaranteed optimization and implementation of parallel turbo decoding on GPU}, 
year={2013}, 
pages={183-188}, 
keywords={error statistics;graphics processing units;turbo codes;BER guaranteed optimization;BER performance;GPGPU;GPU;GPU architecture;PIVIDSTW;bit error rate;complex communication signal processing;data streams;extended subframe level parallelisms;general purpose graphic process unit;parallel turbo decoding;parallelization;previous iteration value initialization with double sided training window;sub-frame level parallelism;theoretical occupancy;theoretical scalability;Bit error rate;Decoding;Graphics processing units;Instruction sets;Measurement;Parallel processing;Throughput}, 
doi={10.1109/ChinaCom.2013.6694588}, 
month={Aug},
}

@INPROCEEDINGS{6629867, 
author={Falcao, Gabriel and Andrade, Joao and Silva, Vitor and Yamagiwa, Shinichi and Sousa, -}, 
booktitle={Wireless Communication Systems (ISWCS 2013), Proceedings of the Tenth International Symposium on}, 
title={Stressing the BER simulation of LDPC codes in the error floor region using GPU clusters}, 
year={2013}, 
pages={1-5}, 
month={Aug},
}

@INPROCEEDINGS{6820447, 
author={Chengjun Liu and Zhisong Bie and Canfeng Chen and Xianjun Jiao}, 
booktitle={Communication Technology (ICCT), 2013 15th IEEE International Conference on}, 
title={A parallel LTE Turbo decoder on GPU}, 
year={2013}, 
pages={609-614}, 
keywords={Long Term Evolution;channel capacity;convolutional codes;error statistics;graphics processing units;turbo codes;3GPP LTE turbo decoder;BER;Claude Berrou;GPU;Long Term Evolution;SDR;Viterbi algorithm;bit error rate;channel capacity;convolutional codes;graphics processing units;memory access;software defined radio;sub-frame-level parallelism;trellis state-level parallelism;turbo codes;Bit error rate;Decoding;Graphics processing units;Instruction sets;Iterative decoding;Parallel processing;Throughput;GPU;Parallel computing;Turbo decoding}, 
doi={10.1109/ICCT.2013.6820447}, 
month={Nov},
}

@INPROCEEDINGS{6363275, 
author={Wu, M. and Bei Yin and Cavallaro, J.R.}, 
booktitle={Signal Processing Systems (SiPS), 2012 IEEE Workshop on}, 
title={Flexible N-Way MIMO Detector on GPU}, 
year={2012}, 
pages={318-323}, 
keywords={MIMO communication;error statistics;graphics processing units;802.11n;BER;GPU;LTE;QR decomposition preprocessing;WiMAX;bit error rate;broadband wireless system;flexible N-way MIMO detector;graphics processing unit;multiple-input multiple-output detector;Detectors;Graphics processing units;Instruction sets;Kernel;MIMO;Throughput;Vectors;GPGPU;MIMO;Maximum likelihood detection;Sphere detection}, 
doi={10.1109/SiPS.2012.59}, 
ISSN={2162-3562}, 
month={Oct},
}

@INPROCEEDINGS{7345000, 
author={Huyen Thi Pham and Ajaz, S. and Hanho Lee}, 
booktitle={Signal Processing Systems (SiPS), 2015 IEEE Workshop on}, 
title={Parallel block-layered nonbinary QC-LDPC decoding on GPU}, 
year={2015}, 
pages={1-6}, 
keywords={cyclic codes;error statistics;graphics processing units;minimax techniques;parity check codes;BER;FER;GPU device;NB-QC-LDPC decoder;block-layered scheme;min-max decoding algorithm;parallel block-layered nonbinary QC-LDPC decoding;parallel block-layered nonbinary quasi-cyclic low-density parity-check decoder;parallel computing;Algorithm design and analysis;Decoding;Graphics processing units;Iterative decoding;Kernel;Manganese;CUDA;GPU;LDPC;nonbinary;parallel computation;quasi-cyclic}, 
doi={10.1109/SiPS.2015.7345000}, 
month={Oct},
}


